<record><leader>00000cas a22000007a 4500</leader><controlfield tag="001">11488089</controlfield><controlfield tag="008">841213d18691876cauwr ne      0    0eng d</controlfield><datafield ind1=" " ind2=" " tag="010"><subfield code="a">sn 84038761 </subfield></datafield><datafield ind1=" " ind2=" " tag="040"><subfield code="a">NPX</subfield><subfield code="b">eng</subfield><subfield code="c">NPX</subfield><subfield code="d">CNK</subfield><subfield code="d">OCLCQ</subfield></datafield><datafield ind1=" " ind2=" " tag="042"><subfield code="a">msc</subfield></datafield><datafield ind1="0" ind2="0" tag="245"><subfield code="a">Kern County weekly courier.</subfield></datafield><datafield ind1="3" ind2="0" tag="246"><subfield code="a">Weekly Kern County courier</subfield></datafield><datafield ind1="3" ind2="0" tag="246"><subfield code="a">Weekly courier</subfield></datafield><datafield ind1=" " ind2=" " tag="260"><subfield code="a">Bakersfield, Cal. :</subfield><subfield code="b">A.D. Jones &amp; Co.</subfield></datafield><datafield ind1=" " ind2=" " tag="300"><subfield code="a">v.</subfield></datafield><datafield ind1=" " ind2=" " tag="310"><subfield code="a">Weekly</subfield></datafield><datafield ind1="0" ind2=" " tag="362"><subfield code="a">Vol. 1, no. 1 (Dec. 22, 1869)-v. 7, no. 21 (May 20, 1876).</subfield></datafield><datafield ind1=" " ind2="4" tag="651"><subfield code="a">Kern County (Calif.)</subfield><subfield code="v">Newspapers.</subfield></datafield><datafield ind1=" " ind2=" " tag="752"><subfield code="a">United States</subfield><subfield code="b">California</subfield><subfield code="c">Kern</subfield><subfield code="d">Bakersfield.</subfield></datafield><datafield ind1="0" ind2="0" tag="780"><subfield code="t">Havilah weekly courier</subfield><subfield code="w">(DLC)sn 84038794</subfield></datafield><datafield ind1="0" ind2="7" tag="785"><subfield code="t">Southern Californian (Bakersfield, Calif.)</subfield><subfield code="w">(DLC)sn 92068963</subfield></datafield><datafield ind1="0" ind2="7" tag="785"><subfield code="t">Southern Californian and Kern County weekly courier</subfield><subfield code="w">(DLC)sn 84038760</subfield></datafield><datafield ind1="1" ind2=" " tag="029"><subfield code="a">AU@</subfield><subfield code="b">000020344898</subfield></datafield></record>